@article{kall2007semi,
  title={Semi-supervised learning for peptide identification from shotgun proteomics datasets},
  author={K{\"a}ll, Lukas and Canterbury, Jesse D and Weston, Jason and Noble, William Stafford and MacCoss, Michael J},
  journal={Nature methods},
  volume={4},
  number={11},
  pages={923--925},
  year={2007},
  publisher={Nature Publishing Group US New York}
}
@article{fondrie2021mokapot,
  title={mokapot: fast and flexible semisupervised learning for peptide detection},
  author={Fondrie, William E and Noble, William S},
  journal={Journal of Proteome Research},
  volume={20},
  number={4},
  pages={1966--1971},
  year={2021},
  publisher={ACS Publications}
}